@inproceedings{seo-et-al-13a,
author = {Seo, Jiwon and Guo, Stephen and Lam, Monica S.},
booktitle = {29th International Conference on Data Engineering (ICDE)},
title = {{SociaLite: Datalog extensions for efficient social network analysis.}},
year = {2013}
}

@inproceedings{seo-et-al-13b,
  title={Distributed SociaLite: a Datalog-based language for large-scale graph analysis.},
  author={Seo, Jiwona and Guo, Stephen and Lam, Monica S.},
  booktitle={Proceedings of the VLDB Endowment 6.14},
  year={2013},
  pages={1906--1917}
}